<?xml version="1.0" encoding="UTF-8"?><collection xmlns="http://www.loc.gov/MARC21/slim"><record><leader>00529nam--2200193-u-4500</leader><controlfield tag="001">000052304</controlfield><controlfield tag="002">20161230</controlfield><controlfield tag="005">20170117001116</controlfield><controlfield tag="008">100616s1000------------r-----000-0-rus-d</controlfield><datafield ind1=" " ind2=" " tag="040"><subfield code="a">IFIN-HH</subfield></datafield><datafield ind1=" " ind2=" " tag="041"><subfield code="a">rus</subfield></datafield><datafield ind1="1" ind2=" " tag="100"><subfield code="a">Gnedenco, B.V</subfield></datafield><datafield ind1="1" ind2="0" tag="245"><subfield code="a">Vvedenie v teorio Massovogo obslujivaniia</subfield><subfield code="c">B.V. Gnedenco ; I.N. Kovalenko</subfield></datafield><datafield ind1=" " ind2=" " tag="260"><subfield code="a">Moskva</subfield><subfield code="b">Nauka</subfield><subfield code="c">1987</subfield></datafield><datafield ind1=" " ind2=" " tag="300"><subfield code="a">336 p</subfield></datafield><datafield ind1=" " ind2=" " tag="490"><subfield code="a">Fizico-matematiceskaia biblioteck injenera</subfield></datafield><datafield ind1="1" ind2=" " tag="700"><subfield code="a">Kovalenko, I. N</subfield></datafield><datafield ind1=" " ind2=" " tag="852"><subfield code="a">74586</subfield><subfield code="c">519.2</subfield></datafield><datafield ind1=" " ind2=" " tag="CAT"><subfield code="a">SYS</subfield><subfield code="c">20170117</subfield><subfield code="h">001116</subfield></datafield></record></collection>